<record><leader>00000cas a2200000 a 4500</leader><controlfield tag="001">43812717</controlfield><controlfield tag="007">hd afa009baca</controlfield><controlfield tag="007">hd bfa009baaa</controlfield><controlfield tag="007">hd bfa009baba</controlfield><controlfield tag="008">000410d18661868vaumr nea     0    0eng c</controlfield><datafield ind1=" " ind2=" " tag="010"><subfield code="a">   00221338 </subfield></datafield><datafield ind1=" " ind2=" " tag="040"><subfield code="a">ATL</subfield><subfield code="b">eng</subfield><subfield code="c">ATL</subfield><subfield code="d">OCLCQ</subfield><subfield code="d">OCLCF</subfield><subfield code="d">OCLCO</subfield></datafield><datafield ind1="1" ind2=" " tag="029"><subfield code="a">AU@</subfield><subfield code="b">000021483238</subfield></datafield><datafield ind1=" " ind2=" " tag="042"><subfield code="a">pcc</subfield></datafield><datafield ind1="1" ind2="4" tag="050"><subfield code="a">BX8001</subfield></datafield><datafield ind1="0" ind2=" " tag="130"><subfield code="a">Lutheran visitor (Staunton, Va.)</subfield></datafield><datafield ind1="1" ind2="4" tag="245"><subfield code="a">The Lutheran visitor</subfield><subfield code="h">[microform].</subfield></datafield><datafield ind1=" " ind2=" " tag="260"><subfield code="a">[Staunton, Va.?] :</subfield><subfield code="b">s.n.,</subfield><subfield code="c">1866-1868.</subfield></datafield><datafield ind1=" " ind2=" " tag="300"><subfield code="a">3 v.</subfield></datafield><datafield ind1=" " ind2=" " tag="310"><subfield code="a">Monthly</subfield></datafield><datafield ind1="0" ind2=" " tag="362"><subfield code="a">[Vol. 1, no. 1] (Jan. 1866)-v. 3, no. 6 (June 1868).</subfield></datafield><datafield ind1=" " ind2=" " tag="500"><subfield code="a">Title from caption.</subfield></datafield><datafield ind1=" " ind2=" " tag="515"><subfield code="a">Issues for Jan.-May 1866 lack volume and number designations; issue for June 1866 assumes numbering with v. 1, no. 6.</subfield></datafield><datafield ind1=" " ind2=" " tag="580"><subfield code="a">Merged with: Southern Lutheran (Charleston, S.C.), to form: Lutheran and visitor. Cf. Lutheran and visitor, Aug. 5, 1868.</subfield></datafield><datafield ind1=" " ind2=" " tag="533"><subfield code="a">Microfilm.</subfield><subfield code="m">v.1-3 (1866-1868)</subfield><subfield code="b">Evanston, Ill. :</subfield><subfield code="c">American Theological Library Association,</subfield><subfield code="d">196u.</subfield><subfield code="e">1 microfilm reel ; 35 mm.</subfield><subfield code="f">(ATLA serials preservation program ; ATLA film S0094A).</subfield></datafield><datafield ind1=" " ind2="0" tag="650"><subfield code="a">Lutheran Church</subfield><subfield code="v">Newspapers.</subfield></datafield><datafield ind1=" " ind2="7" tag="655"><subfield code="a">Newspapers.</subfield><subfield code="2">fast</subfield><subfield code="0">(OCoLC)fst01423814</subfield></datafield><datafield ind1=" " ind2="7" tag="650"><subfield code="a">Lutheran Church.</subfield><subfield code="2">fast</subfield><subfield code="0">(OCoLC)fst01003996</subfield></datafield><datafield ind1=" " ind2=" " tag="752"><subfield code="a">United States</subfield><subfield code="b">Virginia</subfield><subfield code="c">Augusta</subfield><subfield code="d">Staunton.</subfield></datafield><datafield ind1="1" ind2=" " tag="776"><subfield code="c">Original</subfield><subfield code="w">(DLC)sn 93060376</subfield><subfield code="w">(OCoLC)1777100</subfield></datafield><datafield ind1="1" ind2="7" tag="785"><subfield code="t">Southern Lutheran (Charleston, S.C.)</subfield></datafield><datafield ind1="1" ind2="7" tag="785"><subfield code="t">Lutheran and visitor</subfield><subfield code="w">(DLC)   00221339</subfield><subfield code="w">(OCoLC)43812784</subfield></datafield><datafield ind1=" " ind2="0" tag="830"><subfield code="a">ATLA serials preservation program ;</subfield><subfield code="v">ATLA film S0094A.</subfield></datafield></record>